@article{greenwade93,
    author  = "George D. Greenwade",
    title   = "The {C}omprehensive {T}ex {A}rchive {N}etwork ({CTAN})",
    year    = "1993",
    journal = "TUGBoat",
    volume  = "14",
    number  = "3",
    pages   = "342--351"
}

@article{neal2000markov,
  title={Markov chain sampling methods for Dirichlet process mixture models},
  author={Neal, Radford M},
  journal={Journal of computational and graphical statistics},
  volume={9},
  number={2},
  pages={249--265},
  year={2000},
  publisher={Taylor \& Francis}
}

@article{quintanaetal2018,
  title={Bayesian Product Partition Models},
  author={Quintana, F. A. and Loschi, R. H. and Page, G L},
  journal={Wiley StatsRef: Statistics Reference Online},
  volume={1},
  number={1},
  pages={1--15},
  year={2018},
  publisher={5ed. New york: John Wiley \& Sons}
}